@book{Adamy2009,
	  author = {Jürgen Adamy}, 
	  title = {Nichtlineare Regelungen}, 
	  publisher = {Springer}, 
	  year = {2009}, 
	  doi = {http://dx.doi.org/10.1007/978-3-642-00794-1}, 
	  isbn = {978-3-642-00793-4}
} 

@misc{controle_digital_2018, 
          place = {São Paulo},
          title = {Controle Digital de Sistemas Dinâmicos}, 
         author = {Bruno Augusto Angélico}, 
           year = {2018},
  howpublished = "Disciplina PTC5611",
        month  = "10"
}

@misc{mehrgroessen_2013,
          place = {São Paulo},
          title = {Mehrgrö$\ss$enreglerentwurf im ZUstandsraum}, 
         author = {Prof. Dr-Ing. Ulrich Konigorski}, 
           year = {2013},
  howpublished = "Skript - Wintersemester 2013/2014 - TU Darmstadt",
        month  = "September"
}

@book{Beer:2003:VME:1207649,
 author = {Beer, Ferdinand P.},
 title = {Vector Mechanics for Engineers: Statics and Dynamics},
 year = {2003},
 isbn = {007230491X},
 publisher = {McGraw-Hill Science/Engineering/Math},
} 