@article{tubiblio52241,
         journal = {Mathematical and Computer Modelling of Dynamical Systems},
          author = {Maximilian Manderla and Daniel Schmitt and Ulrich Konigorski},
            year = {2010},
       publisher = {Taylor \& Francis},
          volume = {16},
           pages = {95--113},
           title = {Modelling, Simulation and Control of a Redundant Parallel Robotic Manipulator Based on Invariant Manifolds},
          number = {2},
             url = {http://tubiblio.ulb.tu-darmstadt.de/52241/}
}

@online{deskriptor2014,
          author = {Daniel Labisch},
          title  = {Método de sistemas descritores para modelagens de sistemas dinâmicos},
          year   = 2014,
           url   = {https://bit.ly/2y7tGmI},
         urldate = {2018-10-22}
}

@book{udwadia_kalaba_1996, 
          place = {Cambridge},
          title = {Analytical Dynamics: A New Approach}, 
            DOI = {10.1017/CBO9780511665479}, 
      publisher = {Cambridge University Press}, 
         author = {Udwadia, Firdaus E. and Kalaba, Robert E.}, 
           year = {1996}
}

@misc{controle_digital_2018, 
          place = {São Paulo},
          title = {Controle Digital de Sistemas Dinâmicos}, 
         author = {Bruno Augusto Angélico}, 
           year = {2018},
  howpublished = "Disciplina PTC5611",
        month  = "October"
}

@misc{mehrgroessen_2013,
          place = {São Paulo},
          title = {Mehrgrö$\ss$enreglerentwurf im ZUstandsraum}, 
         author = {Prof. Dr-Ing. Ulrich Konigorski}, 
           year = {2013},
  howpublished = "Skript - Wintersemester 2013/2014 - TU Darmstadt",
        month  = "September"
}

@inproceedings{Sontag90mathematicalcontrol,
    author = {Eduardo D. Sontag},
    title = {Mathematical Control Theory: Deterministic Finite Dimensional Systems},
    booktitle = {of Texts in Applied Mathematics},
    year = {1990},
    publisher = {Springer Verlag}
}