@article{tubiblio52241,
         journal = {Mathematical and Computer Modelling of Dynamical Systems},
          author = {Maximilian Manderla and Daniel Schmitt and Ulrich Konigorski},
            year = {2010},
       publisher = {Taylor \& Francis},
          volume = {16},
           pages = {95--113},
           title = {Modelling, Simulation and Control of a Redundant Parallel Robotic Manipulator Based on Invariant Manifolds},
          number = {2},
             url = {http://tubiblio.ulb.tu-darmstadt.de/52241/}
}

@online{deskriptor2014,
  author = {Daniel Labisch},
  title = {Método de sistemas descritores para modelagens de sistemas dinâmicos},
  year = 2014,
  url = {https://bit.ly/2y7tGmI},
  urldate = {2018-10-22}
}